<?xml version="1.0" encoding="UTF-8"?><collection xmlns="http://www.loc.gov/MARC21/slim"><record><leader>00485nam--2200193-i-4500</leader><controlfield tag="001">000024865</controlfield><controlfield tag="002">20161230</controlfield><controlfield tag="005">20161230201035</controlfield><controlfield tag="008">060222s1000------------r-----000-0-rus-d</controlfield><datafield ind1=" " ind2=" " tag="040"><subfield code="a">IFIN-HH</subfield></datafield><datafield ind1=" " ind2=" " tag="041"><subfield code="a">rus</subfield></datafield><datafield ind1=" " ind2=" " tag="080"><subfield code="a">522.2</subfield></datafield><datafield ind1="1" ind2=" " tag="100"><subfield code="a">Sikoruk, L.L</subfield></datafield><datafield ind1="1" ind2="0" tag="245"><subfield code="a">Teleskopi dlia liubitelei astronomii</subfield><subfield code="c">L.l. sikoruk</subfield></datafield><datafield ind1=" " ind2=" " tag="260"><subfield code="a">Moskva</subfield><subfield code="b">Nauk</subfield><subfield code="c">1990</subfield></datafield><datafield ind1=" " ind2=" " tag="300"><subfield code="a">367P</subfield></datafield><datafield ind1=" " ind2=" " tag="490"><subfield code="a">Biblioteka Liubitelia Astronomii</subfield></datafield><datafield ind1=" " ind2=" " tag="852"><subfield code="a">79345</subfield><subfield code="c">521/522</subfield></datafield><datafield ind1=" " ind2=" " tag="CAT"><subfield code="a">Sys</subfield><subfield code="c">20130827</subfield><subfield code="h">161153</subfield></datafield></record></collection>